\usepackage{url}

@article{held2006bayesian,
  title={Bayesian auxiliary variable models for binary and multinomial regression},
  author={Held, Leonhard and Holmes, Chris C},
  journal={Bayesian analysis},
  volume={1},
  number={1},
  pages={145--168},
  year={2006},
  publisher={International Society for Bayesian Analysis}
}