\usepackage{url}

@book{evans2012introduction,
  title={An introduction to stochastic differential equations},
  author={Evans, Lawrence C},
  volume={82},
  year={2012},
  publisher={American Mathematical Soc.}
}


@book{brzezniak2000basic,
  title={Basic stochastic processes: a course through exercises},
  author={Brzezniak, Zdzislaw and Zastawniak, Tomasz},
  year={2000},
  publisher={Springer Science \& Business Media}
}

% Shows how to cite a webpage in a niceish way.
@misc{zitkovic2013lecture10,
author = {Zitkovic, Gordan},
title = {Lecture 10 in Theory of Probability I: Conditional Expectation},
year = {2013},
howpublished={\url{https://web.ma.utexas.edu/users/gordanz/notes/conditional_expectation.pdf}}
}


% Shows how to cite a webpage in a niceish way.
@misc{zitkovic2013lecture6,
author = {Zitkovic, Gordan},
title = {Lecture 6 in Theory of Probability I: Basic Probability},
year = {2013},
howpublished={\url{https://web.ma.utexas.edu/users/gordanz/notes/basic_probability.pdf}}
}


@phdthesis{matthews2017scalable,
  title={Scalable Gaussian process inference using variational methods},
  author={Matthews, Alexander Graeme de Garis},
  year={2017},
  school={University of Cambridge}
}

@article{cheng2020matched,
  title={On matched filtering for statistical change point detection},
  author={Cheng, Kevin C and Miller, Eric L and Hughes, Michael C and Aeron, Shuchin},
  journal={IEEE Open Journal of Signal Processing},
  volume={1},
  pages={159--176},
  year={2020},
  publisher={IEEE}
}

@book{bartle2014elements,
  title={The elements of integration and Lebesgue measure},
  author={Bartle, Robert G},
  year={2014},
  publisher={John Wiley \& Sons}
}

@book{stewart2018complex,
  title={Complex analysis},
  author={Stewart, Ian and Tall, David},
  year={2018},
  publisher={Cambridge University Press}
}

@article{makalic2015simple,
  title={A simple sampler for the horseshoe estimator},
  author={Makalic, Enes and Schmidt, Daniel F},
  journal={IEEE Signal Processing Letters},
  volume={23},
  number={1},
  pages={179--182},
  year={2015},
  publisher={IEEE}
}


@article{carvalho2010horseshoe,
  title={The horseshoe estimator for sparse signals},
  author={Carvalho, Carlos M and Polson, Nicholas G and Scott, James G},
  journal={Biometrika},
  volume={97},
  number={2},
  pages={465--480},
  year={2010},
  publisher={Oxford University Press}
}

@article{rudin1987real,
  title={Real and complex analysis},
  author={Rudin, Walter},
  year={1987},
  publisher={McGraw-HiII Book Company}
}

@book{apostol1974mathematical,
  title={Mathematical Analysis (2nd edition)},
  author={Apostol, Thomas},
  year={1974},
}

@book{strichartz2000way,
  title={The way of analysis},
  author={Strichartz, Robert S},
  year={2000},
  publisher={Jones \& Bartlett Learning}
}

@book{folland1999real,
  title={Real analysis: modern techniques and their applications},
  author={Folland, Gerald B},
  volume={40},
  year={1999},
  publisher={John Wiley \& Sons}
}

@book{durrett2010probability,
  title={Probability: theory and examples},
  author={Durrett, Rick},
  year={2010},
  publisher={Cambridge university press}
}

@book{ash2000probability,
  title={Probability and measure theory},
  author={Ash, Robert B and Robert, B and Doleans-Dade, Catherine A and Catherine, A},
  year={2000},
  publisher={Academic Press}
}

@book{rosenthal2006first,
  title={First Look At Rigorous Probability Theory, A},
  author={Rosenthal, Jeffrey S},
  year={2006},
  publisher={World Scientific Publishing Company}
}